@online{latextutorial1,
    title = "Learn LaTeX in 30 minutes)",
    note =   "\\ \url{https://www.overleaf.com/learn/latex/Learn_LaTeX_in_30_minutes}"
}

@online{latextutorial2,
    title = "Latex Official Tutorial",
    note =   "\\ \url{https://latex-tutorial.com/tutorials/}"
}

@online{githubtutorial,
    title = "Git, GitHub y Publicacióon Web",
    note =   "\\ \url{https://github.com/flowsta/github}"
}

@online{apisweb,
    title = "Introducción a las APIs web",
    note =   "\\ \url{https://developer.mozilla.org/es/docs/Learn/JavaScript/Client-side_web_APIs/Introduction}"
}

@online{reactjs,
    title = "Tutorial: Introducción a React",
    note =   "\\ \url{https://es.reactjs.org/tutorial/tutorial.html}"
}

@online{angular,
    title = "Tour of Heroes app and tutorial",
    note =   "\\ \url{https://angular.io/tutorial}"
}

@online{estiloangular,
    title = "Guía de estilo oficial de Angular",
    note =   "\\ \url{https://angular.io/guide/styleguide}"
}

@online{estructuraangular,
    title = "Guía de estructura de proyectos oficial de Angular",
    note =   "\\ \url{https://angular.io/guide/file-structure}"
}

@online{estiloreact,
    title = "Guía de estilo de React y Javascript de Airbnb",
    note =   "\\ \url{https://airbnb.io/javascript/react/}"
}

@online{estructurareact,
    title = "Guía de estructura de proyectos oficial de React",
    note =   "\\ \url{https://es.reactjs.org/docs/faq-structure.html}"
}

@online{estilogolang,
    title = "Herramienta de formato y estilo oficial de golang",
    note =   "\\ \url{https://pkg.go.dev/cmd/gofmt}"
}

@online{estructuragolang,
    title = "Guía de estructura de proyectos recomendada para golang por la comunidad",
    note =   "\\ \url{https://github.com/golang-standards/project-layout}"
}

@online{documentaciongoogle,
    title = "Guía de documentacion para desarrolladores de Google",
    chapter = "API reference code comments",
    note =   "\\ \url{https://developers.google.com/style/api-reference-comments}"
}

@online{heuristicasnielsen,
    title = "Heurísticas de usabilidad de Nielsen",
    note =   "\\ \url{https://www.nngroup.com/articles/ten-usability-heuristics/}"
}